@article{
    author  = "",
    title   = "",
    year    = "",
    journal = "",
    volume  = "",
    number  = "",
    pages   = ""
}
